<?xml version="1.0" encoding="UTF-8"?><collection xmlns="http://www.loc.gov/MARC21/slim"><record><leader>00477nam--2200181-i-4500</leader><controlfield tag="001">000046691</controlfield><controlfield tag="002">20161230</controlfield><controlfield tag="005">20161230201046</controlfield><controlfield tag="008">060222s1000------------r-----000-0-rus-d</controlfield><datafield ind1=" " ind2=" " tag="040"><subfield code="a">IFIN-HH</subfield></datafield><datafield ind1=" " ind2=" " tag="041"><subfield code="a">rus</subfield></datafield><datafield ind1=" " ind2=" " tag="080"><subfield code="a">533.9.082</subfield></datafield><datafield ind1="1" ind2=" " tag="100"><subfield code="a">Kuznetov, E.I</subfield></datafield><datafield ind1="1" ind2="0" tag="245"><subfield code="a">Metodi diagnostiki vysoko-temperaturnoi plazmi</subfield><subfield code="c">E.I. Kuznetov, D.A. Sheglov</subfield></datafield><datafield ind1=" " ind2=" " tag="260"><subfield code="a">Moskva</subfield><subfield code="b">Atomizdat</subfield><subfield code="c">1974</subfield></datafield><datafield ind1="1" ind2=" " tag="700"><subfield code="a">Sheglov, D.A</subfield></datafield><datafield ind1=" " ind2=" " tag="852"><subfield code="a">42635</subfield><subfield code="c">533.9</subfield></datafield><datafield ind1=" " ind2=" " tag="CAT"><subfield code="a">Sys</subfield><subfield code="c">20100927</subfield><subfield code="h">114708</subfield></datafield></record></collection>